@phdthesis{Lambers2010,
  author = {Lambers, Leen},
  mendeley-groups = {Graph Grammars},
  pages = {258},
  school = {Elektrotechnik und Informatik der Technischen Universit{\"a} Berlin},
  title = {{Certifying Rule-Based Models using Graph Transformation}},
  year = {2010}
}

@article{Berthold2002,
  author = {Berthold, Michael R. and Fischer, Ingrid and Koch, Manuel},
  title = {{Attributed Graph Transformation with Partial Attribution}},
  year = {2002}
}

@book{Junior2015,
  address = {Berlin, Heidelberg},
  author = {Junior, Marcos Oliveira and Ribeiro, Leila and Cota, {\'{E}}rika and Duarte, Lucio Mauro and Nunes, Ingrid and Reis, Filipe},
  booktitle = {Recent Trends in Algebraic Development Techniques},
  doi = {10.1007/b107129},
  editor = {Fiadeiro, Jos{\'{e}} Luiz and Mosses, Peter D. and Orejas, Fernando},
  isbn = {978-3-540-25327-3},
  keywords = {empirical study,graph transformation,model,use cases},
  pages = {110--130},
  publisher = {Springer Berlin Heidelberg},
  series = {Lecture Notes in Computer Science},
  title = {{Use Case Analysis Based on Formal Methods: An Empirical Study}},
  year = {2015}
}

@phdthesis{Ribeiro1996,
  author = {Ribeiro, Leila},
  file = {:home/jonas/leila-thesis.pdf:pdf},
  pages = {215},
  school = {Technischen Universit{\"{a}}t Berlin},
  title = {{Parallel composition and unfolding semantics of graph grammars}},
  type = {PhD},
  year = {1996}
}


@misc{Corradini1996,
  author = {Corradini, Andrea and Montanari, Ugo and Rossi, F},
  booktitle = {Fundamenta Informaticae},
  doi = {10.3233/FI-1996-263402},
  issn = {01692968},
  number = {3/4},
  pages = {241--265},
  title = {{Graph Processes}},
  volume = {26},
  year = {1996}
}

